<record><leader>00000cas a2200000   4500</leader><controlfield tag="001">3220237</controlfield><controlfield tag="008">770826c19689999couwr ne      0   a0eng c</controlfield><datafield ind1=" " ind2=" " tag="010"><subfield code="a">sc 80001883 </subfield><subfield code="z">sn 78006328 </subfield></datafield><datafield ind1=" " ind2=" " tag="040"><subfield code="a">UDI</subfield><subfield code="b">eng</subfield><subfield code="c">UDI</subfield><subfield code="d">HUL</subfield><subfield code="d">NSD</subfield><subfield code="d">DLC</subfield><subfield code="d">NSD</subfield><subfield code="d">DLC</subfield><subfield code="d">OCLCQ</subfield><subfield code="d">CUI</subfield><subfield code="d">OCLCF</subfield><subfield code="d">OCLCO</subfield></datafield><datafield ind1=" " ind2=" " tag="012"><subfield code="a">2</subfield><subfield code="j">0</subfield><subfield code="k">1</subfield><subfield code="l">1</subfield><subfield code="m">1</subfield></datafield><datafield ind1="0" ind2=" " tag="022"><subfield code="a">0026-5241</subfield><subfield code="l">0026-5241</subfield><subfield code="2">1</subfield></datafield><datafield ind1=" " ind2=" " tag="032"><subfield code="a">593360</subfield><subfield code="b">USPS</subfield></datafield><datafield ind1=" " ind2=" " tag="042"><subfield code="a">nsdp</subfield><subfield code="a">pcc</subfield></datafield><datafield ind1=" " ind2="4" tag="050"><subfield code="a">TN1</subfield><subfield code="b">.M69</subfield></datafield><datafield ind1="1" ind2="0" tag="082"><subfield code="a">338</subfield><subfield code="2">11</subfield></datafield><datafield ind1="0" ind2=" " tag="210"><subfield code="a">Min. rec.</subfield><subfield code="b">(1968)</subfield></datafield><datafield ind1=" " ind2="4" tag="222"><subfield code="a">The Mining record</subfield><subfield code="b">(1968)</subfield></datafield><datafield ind1="0" ind2="4" tag="245"><subfield code="a">The Mining record.</subfield></datafield><datafield ind1=" " ind2=" " tag="260"><subfield code="a">Denver,</subfield><subfield code="b">Mining Record Co.</subfield></datafield><datafield ind1=" " ind2=" " tag="300"><subfield code="a">v.</subfield></datafield><datafield ind1=" " ind2=" " tag="310"><subfield code="a">Weekly</subfield></datafield><datafield ind1="0" ind2=" " tag="362"><subfield code="a">v. 79, no. 13-   Apr. 4, 1968-</subfield></datafield><datafield ind1=" " ind2=" " tag="500"><subfield code="a">"The voice of the mining industry."</subfield></datafield><datafield ind1=" " ind2=" " tag="530"><subfield code="a">Available on microfilm from the Colorado Historical Society.</subfield></datafield><datafield ind1=" " ind2="0" tag="650"><subfield code="a">Mineral industries</subfield><subfield code="v">Periodicals.</subfield></datafield><datafield ind1=" " ind2="0" tag="650"><subfield code="a">Mines and mineral resources</subfield><subfield code="v">Periodicals.</subfield></datafield><datafield ind1=" " ind2="0" tag="651"><subfield code="a">Denver (Colo.)</subfield><subfield code="v">Newspapers.</subfield></datafield><datafield ind1=" " ind2="7" tag="655"><subfield code="a">Newspapers.</subfield><subfield code="2">fast</subfield><subfield code="0">(OCoLC)fst01423814</subfield></datafield><datafield ind1=" " ind2="7" tag="655"><subfield code="a">Periodicals.</subfield><subfield code="2">fast</subfield><subfield code="0">(OCoLC)fst01411641</subfield></datafield><datafield ind1=" " ind2="7" tag="650"><subfield code="a">Mineral industries.</subfield><subfield code="2">fast</subfield><subfield code="0">(OCoLC)fst01022218</subfield></datafield><datafield ind1=" " ind2="7" tag="650"><subfield code="a">Mines and mineral resources.</subfield><subfield code="2">fast</subfield><subfield code="0">(OCoLC)fst01022541</subfield></datafield><datafield ind1=" " ind2="7" tag="651"><subfield code="a">Colorado</subfield><subfield code="z">Denver.</subfield><subfield code="2">fast</subfield><subfield code="0">(OCoLC)fst01205192</subfield></datafield><datafield ind1=" " ind2=" " tag="752"><subfield code="a">United States</subfield><subfield code="b">Colorado</subfield><subfield code="c">Denver</subfield><subfield code="d">Denver.</subfield></datafield><datafield ind1="0" ind2="0" tag="780"><subfield code="t">Mining and natural resources record</subfield><subfield code="x">0270-5818</subfield><subfield code="w">(OCoLC)3220268</subfield><subfield code="w">(DLC)sc 80001419</subfield></datafield><datafield ind1=" " ind2=" " tag="936"><subfield code="a">Apr. 4, 1968</subfield></datafield></record>